@article{bordaDeAgua2012,
  title =	 {Spatial scaling of species abundance distributions},
  author =	 {Borda-de-{\'A}gua, Lu{\'\i}s and Borges, Paulo AV
                  and Hubbell, Stephen P and Pereira, Henrique M},
  journal =	 {Ecography},
  volume =	 35,
  number =	 6,
  pages =	 {549--556},
  year =	 2012,
  publisher =	 {Wiley Online Library}
}

@article{chisholm2009,
  title =	 {Linking dispersal, immigration and scale in the
                  neutral theory of biodiversity},
  author =	 {Chisholm, Ryan A and Lichstein, Jeremy W},
  journal =	 {Ecology Letters},
  volume =	 12,
  number =	 12,
  pages =	 {1385--1393},
  year =	 2009,
  publisher =	 {Wiley Online Library}
}

@article{green2007,
  title =	 {A statistical theory for sampling species
                  abundances},
  author =	 {Green, Jessica L and Plotkin, Joshua B},
  journal =	 {Ecology letters},
  volume =	 10,
  number =	 11,
  pages =	 {1037--1045},
  year =	 2007,
  publisher =	 {Wiley Online Library}
}

@article{harte1999,
  title =	 {Self-similarity in the distribution and abundance of
                  species},
  author =	 {Harte, John and Kinzig, Ann and Green, Jessica},
  journal =	 {Science},
  volume =	 284,
  number =	 5412,
  pages =	 {334--336},
  year =	 1999,
  publisher =	 {American Association for the Advancement of Science}
}

@article{hubbell2008,
  title =	 {How many tree species are there in the Amazon and
                  how many of them will go extinct?},
  author =	 {Hubbell, Stephen P and He, Fangliang and Condit,
                  Richard and Borda-de-{\'A}gua, Lu{\'\i}s and
                  Kellner, James and ter Steege, Hans},
  journal =	 {Proceedings of the National Academy of Sciences},
  volume =	 105,
  number =	 {Supplement 1},
  pages =	 {11498--11504},
  year =	 2008,
  publisher =	 {National Acad Sciences}
}

@article{mcgill2003,
  title =	 {Does Mother Nature really prefer rare species or are
                  log-left-skewed SADs a sampling artefact?},
  author =	 {McGill, Brian J},
  journal =	 {Ecology Letters},
  volume =	 6,
  number =	 8,
  pages =	 {766--773},
  year =	 2003,
  publisher =	 {Wiley Online Library}
}

@article{myers2015,
  title =	 {Disturbance alters beta-diversity but not the
                  relative importance of community assembly
                  mechanisms},
  author =	 {Myers, Jonathan A and Chase, Jonathan M and
                  Crandall, Raelene M and Jim{\'e}nez, Iv{\'a}n},
  journal =	 {Journal of Ecology},
  volume =	 103,
  number =	 5,
  pages =	 {1291--1299},
  year =	 2015,
  publisher =	 {Wiley Online Library}
}

@article{odwyer2017,
  title =	 {Cross-scale neutral ecology and the maintenance of
                  biodiversity},
  author =	 {O'Dwyer, James P and Cornell, Stephen J},
  journal =	 {arXiv preprint arXiv:1705.07856},
  year =	 2017
}

@article{plotkin2000,
  title =	 {Predicting species diversity in tropical forests},
  author =	 {Plotkin, Joshua B and Potts, Matthew D and Douglas,
                  W Yu and Bunyavejchewin, Sarayudh and Condit,
                  Richard and Foster, Robin and Hubbell, Stephen and
                  LaFrankie, James and Manokaran, N and Seng, Lee Hua
                  and others},
  journal =	 {Proceedings of the National Academy of Sciences},
  volume =	 97,
  number =	 20,
  pages =	 {10850--10854},
  year =	 2000,
  publisher =	 {National Acad Sciences}
}

@article{plotkin2000predicting,
  title =	 {Predicting species diversity in tropical forests},
  author =	 {Plotkin, Joshua B and Potts, Matthew D and Douglas,
                  W Yu and Bunyavejchewin, Sarayudh and Condit,
                  Richard and Foster, Robin and Hubbell, Stephen and
                  LaFrankie, James and Manokaran, N and Seng, Lee Hua
                  and others},
  journal =	 {Proceedings of the National Academy of Sciences},
  volume =	 97,
  number =	 20,
  pages =	 {10850--10854},
  year =	 2000,
  publisher =	 {National Acad Sciences}
}

@article{pueyo2006,
  title =	 {Self-similarity in species--area relationship and in
                  species abundance distribution},
  author =	 {Pueyo, Salvador},
  journal =	 {Oikos},
  volume =	 112,
  number =	 1,
  pages =	 {156--162},
  year =	 2006,
  publisher =	 {Wiley Online Library}
}

@article{rosindell2013,
  title =	 {Universal scaling of species-abundance distributions
                  across multiple scales},
  author =	 {Rosindell, James and Cornell, Stephen J},
  journal =	 {Oikos},
  volume =	 122,
  number =	 7,
  pages =	 {1101--1111},
  year =	 2013,
  publisher =	 {Wiley Online Library}
}

@article{stegen2013,
  title =	 {Stochastic and deterministic drivers of spatial and
                  temporal turnover in breeding bird communities},
  author =	 {Stegen, James C and Freestone, Amy L and Crist,
                  Thomas O and Anderson, Marti J and Chase, Jonathan M
                  and Comita, Liza S and Cornell, Howard V and Davies,
                  Kendi F and Harrison, Susan P and Hurlbert, Allen H
                  and others},
  journal =	 {Global Ecology and Biogeography},
  volume =	 22,
  number =	 2,
  pages =	 {202--212},
  year =	 2013,
  publisher =	 {Wiley Online Library}
}
